<?xml version="1.0" encoding="utf-8"?>
<record xmlns="http://www.loc.gov/MARC21/slim" xmlns:xsi="http://www.w3.org/2001/XMLSchema-instance" xsi:schemaLocation="http://www.loc.gov/MARC21/slim http://www.loc.gov/standards/marcxml/schema/MARC21slim.xsd">
	<leader>     nam a22        4500</leader>
	<controlfield tag="001">1932731</controlfield>
	<controlfield tag="003">NIC</controlfield>
	<controlfield tag="006">m        d        </controlfield>
	<controlfield tag="007">cr cn |||m|||a</controlfield>
	<controlfield tag="008">160323s1953    ua bfj  ob    001 0 arar </controlfield>
	<datafield ind1=" " ind2=" " tag="040">
		<subfield code="a">NNU</subfield>
		<subfield code="b">eng</subfield>
		<subfield code="e">rda</subfield>
		<subfield code="c">NNU</subfield>
	</datafield>
	<datafield ind1=" " ind2="4" tag="050">
		<subfield code="a">DS288</subfield>
		<subfield code="b">.N3 1953</subfield>
	</datafield>
	<datafield ind1=" " ind2="4" tag="050">
		<subfield code="a">DK948.83</subfield>
		<subfield code="b">.N37 1953</subfield>
	</datafield>
	<datafield ind1="1" ind2=" " tag="100">
		<subfield code="6">880-01</subfield>
		<subfield code="a">Nasawī, Muḥammad ibn Aḥmad,</subfield>
		<subfield code="d">-1241 or 1242.</subfield>
	</datafield>
	<datafield ind1="1" ind2="0" tag="240">
		<subfield code="6">880-02</subfield>
		<subfield code="a">Sīrat Jalāl al-Dīn Mankubirtī</subfield>
	</datafield>
	<datafield ind1="1" ind2="0" tag="245">
		<subfield code="6">880-03</subfield>
		<subfield code="a">Sīrat al-Sulṭān Jalāl al-Dīn Mankubirtī /</subfield>
		<subfield code="c">li-Muḥammad ibn Aḥmad al-Nasawī ; nashr wa-taḥqīq Ḥāfiẓ Aḥmad Ḥamdī.</subfield>
	</datafield>
	<datafield ind1="1" ind2="5" tag="246">
		<subfield code="a">History of Djalāl el-Din Mankobirti, Shāh of Khwārazm</subfield>
	</datafield>
	<datafield ind1=" " ind2=" " tag="260">
		<subfield code="6">880-04</subfield>
		<subfield code="a">[al-Qāhira], Miṣr :</subfield>
		<subfield code="b">Dār al-Fikr al-ʻArabī,</subfield>
		<subfield code="c">1953.</subfield>
	</datafield>
	<datafield ind1=" " ind2=" " tag="300">
		<subfield code="a">online resource (436 pages, 1 folded leaf of plates) :</subfield>
		<subfield code="b">map, genealogical table</subfield>
	</datafield>
	<datafield ind1=" " ind2=" " tag="336">
		<subfield code="a">text</subfield>
		<subfield code="2">rdacontent</subfield>
	</datafield>
	<datafield ind1=" " ind2=" " tag="337">
		<subfield code="a">computer</subfield>
		<subfield code="2">rdamedia</subfield>
	</datafield>
	<datafield ind1=" " ind2=" " tag="338">
		<subfield code="a">online resource</subfield>
		<subfield code="2">rdacarrier</subfield>
	</datafield>
	<datafield ind1=" " ind2=" " tag="500">
		<subfield code="a">Added t.p.: History of Djalāl el-Din Mankobirti, Shāh of Khwārazm / by Mohammed el-Nesawi.</subfield>
	</datafield>
	<datafield ind1=" " ind2=" " tag="500">
		<subfield code="a">Part of the Arabic Collections Online (ACO) project, contributed by Cornell University Libraries.</subfield>
	</datafield>
	<datafield ind1=" " ind2=" " tag="504">
		<subfield code="a">Includes bibliographical references (pages 389-398) and index.</subfield>
	</datafield>
	<datafield ind1=" " ind2=" " tag="533">
		<subfield code="a">Electronic reproduction.</subfield>
		<subfield code="b">New York, N.Y. :</subfield>
		<subfield code="c">New York University,</subfield>
		<subfield code="d">2016.</subfield>
		<subfield code="5">NNU</subfield>
	</datafield>
	<datafield ind1="0" ind2="0" tag="600">
		<subfield code="6">880-05</subfield>
		<subfield code="a">Jalāl al-Dīn,</subfield>
		<subfield code="c">Shah of Khorezm,</subfield>
		<subfield code="d">-1231.</subfield>
	</datafield>
	<datafield ind1=" " ind2="0" tag="651">
		<subfield code="a">Khorezm (Kingdom)</subfield>
		<subfield code="x">History</subfield>
		<subfield code="v">Sources.</subfield>
	</datafield>
	<datafield ind1=" " ind2="0" tag="651">
		<subfield code="a">Khorezm (Kingdom)</subfield>
		<subfield code="x">Kings and rulers</subfield>
		<subfield code="v">Biography.</subfield>
	</datafield>
	<datafield ind1="0" ind2="7" tag="600">
		<subfield code="a">Jalāl al-Dīn,</subfield>
		<subfield code="c">Shah of Khorezm,</subfield>
		<subfield code="d">-1231</subfield>
		<subfield code="2">fast</subfield>
		<subfield code="0">(OCoLC)fst01826750</subfield>
	</datafield>
	<datafield ind1=" " ind2="7" tag="650">
		<subfield code="a">Kings and rulers.</subfield>
		<subfield code="2">fast</subfield>
		<subfield code="0">(OCoLC)fst00987694</subfield>
	</datafield>
	<datafield ind1=" " ind2="7" tag="651">
		<subfield code="a">Asia</subfield>
		<subfield code="z">Khorezm (Kingdom)</subfield>
		<subfield code="2">fast</subfield>
		<subfield code="0">(OCoLC)fst01255677</subfield>
	</datafield>
	<datafield ind1=" " ind2="7" tag="655">
		<subfield code="a">Biography.</subfield>
		<subfield code="2">fast</subfield>
		<subfield code="0">(OCoLC)fst01423686</subfield>
	</datafield>
	<datafield ind1=" " ind2="7" tag="655">
		<subfield code="a">History.</subfield>
		<subfield code="2">fast</subfield>
		<subfield code="0">(OCoLC)fst01411628</subfield>
	</datafield>
	<datafield ind1=" " ind2="7" tag="655">
		<subfield code="a">Sources.</subfield>
		<subfield code="2">fast</subfield>
		<subfield code="0">(OCoLC)fst01423900</subfield>
	</datafield>
	<datafield ind1="1" ind2=" " tag="700">
		<subfield code="6">880-06</subfield>
		<subfield code="a">Ḥamdī, Ḥāfiẓ Aḥmad.</subfield>
	</datafield>
	<datafield ind1="2" ind2=" " tag="710">
		<subfield code="a">Cornell University.</subfield>
		<subfield code="b">Libraries.</subfield>
	</datafield>
	<datafield ind1="0" ind2=" " tag="730">
		<subfield code="a">Arabic Collections Online.</subfield>
	</datafield>
	<datafield ind1="0" ind2="8" tag="776">
		<subfield code="i">Online version:</subfield>
		<subfield code="a">Nasawī, Muḥammad ibn Aḥmad, active 1241.</subfield>
		<subfield code="t">Sīrat al-Sulṭān Jalāl al-Dīn Mankubirtī.</subfield>
		<subfield code="d">Miṣr, Dār al-Fikr al-ʻArabī, 1953</subfield>
		<subfield code="w">(OCoLC)580637610</subfield>
	</datafield>
	<datafield ind1="0" ind2="8" tag="776">
		<subfield code="i">Print version:</subfield>
		<subfield code="a">Nasawī, Muḥammad ibn Aḥmad, -1241 or 1242.</subfield>
		<subfield code="t">Sīrat al-Sulṭān Jalāl al-Dīn Mankubirtī</subfield>
		<subfield code="w">(NIC)1932731</subfield>
		<subfield code="w">(DLC)  59034962 </subfield>
		<subfield code="w">(OCoLC)21732074</subfield>
	</datafield>
	<datafield ind1="4" ind2="0" tag="856">
		<subfield code="u">http://hdl.handle.net/2333.1/00000362</subfield>
	</datafield>
	<datafield ind1="1" ind2=" " tag="880">
		<subfield code="6">100-01</subfield>
		<subfield code="a">نسوي، محمد بن احمد،</subfield>
		<subfield code="d">-1241 or 1242.</subfield>
	</datafield>
	<datafield ind1="1" ind2="0" tag="880">
		<subfield code="6">240-02</subfield>
		<subfield code="a">سيرة جلال الدين منكبرني</subfield>
	</datafield>
	<datafield ind1="1" ind2="0" tag="880">
		<subfield code="6">245-03</subfield>
		<subfield code="a">سيرة السلطان جلال الدين منكبرتي /</subfield>
		<subfield code="c">لمحمد بن أحمد النسوي ؛ نشر وتحقيق حافظ أحمد حمدي.</subfield>
	</datafield>
	<datafield ind1=" " ind2=" " tag="880">
		<subfield code="6">260-04</subfield>
		<subfield code="a">[القاهرة] :</subfield>
		<subfield code="b">دار الفكر العربي،</subfield>
		<subfield code="c">1953.</subfield>
	</datafield>
	<datafield ind1="0" ind2="4" tag="880">
		<subfield code="6">600-05</subfield>
		<subfield code="a">جلال الدين،</subfield>
		<subfield code="c">Shah of Khorezm,</subfield>
		<subfield code="d">-1231.</subfield>
	</datafield>
	<datafield ind1="1" ind2=" " tag="880">
		<subfield code="6">700-06</subfield>
		<subfield code="a">حمدي، حافظ أحمد.</subfield>
	</datafield>
	<datafield ind1=" " ind2=" " tag="959">
		<subfield code="a">NNU</subfield>
		<subfield code="b">WEB</subfield>
		<subfield code="c">GENI</subfield>
		<subfield code="t">0</subfield>
		<subfield code="m">Electronic access</subfield>
		<subfield code="s">01</subfield>
	</datafield>
	<datafield ind1=" " ind2=" " tag="999">
		<subfield code="i">NIC_1932731</subfield>
		<subfield code="o">(OCoLC)ocm21732074</subfield>
		<subfield code="s">cornell_aco000528</subfield>
		<subfield code="e">(ERROR-880)</subfield>
		<subfield code="s">cornell_aco000528</subfield>
	</datafield>
</record>
